<mx:record xmlns="http://www.w3.org/TR/xhtml1/strict" xmlns:mx="http://www.loc.gov/MARC21/slim" xmlns:xsi="http://www.w3.org/2001/XMLSchema-instance"><mx:leader>00000nz   2200000n  0000</mx:leader><mx:controlfield tag="001">oca03859083 </mx:controlfield><mx:controlfield tag="005">19950617052412.6</mx:controlfield><mx:controlfield tag="008">950614n| acannaab|          |a aaa     c</mx:controlfield><mx:datafield ind1=" " ind2=" " tag="010"><mx:subfield code="a">nr 95022099</mx:subfield></mx:datafield><mx:datafield ind1=" " ind2=" " tag="040"><mx:subfield code="a">NNC</mx:subfield><mx:subfield code="c">NNC</mx:subfield></mx:datafield><mx:datafield ind1="0" ind2=" " tag="100"><mx:subfield code="a">Arbonius Silo</mx:subfield></mx:datafield><mx:datafield ind1="0" ind2=" " tag="400"><mx:subfield code="a">Abronius Silo</mx:subfield></mx:datafield><mx:datafield ind1="0" ind2=" " tag="400"><mx:subfield code="a">Arbronius Silo</mx:subfield></mx:datafield><mx:datafield ind1="0" ind2=" " tag="400"><mx:subfield code="a">Abronus Silo</mx:subfield></mx:datafield><mx:datafield ind1="0" ind2=" " tag="400"><mx:subfield code="a">Aburnius Silo</mx:subfield></mx:datafield><mx:datafield ind1="0" ind2=" " tag="400"><mx:subfield code="a">Apronius Silo</mx:subfield></mx:datafield><mx:datafield ind1="0" ind2=" " tag="400"><mx:subfield code="a">Artorius Silo</mx:subfield></mx:datafield><mx:datafield ind1="1" ind2=" " tag="400"><mx:subfield code="a">Silo, Arbonius</mx:subfield></mx:datafield><mx:datafield ind1="1" ind2=" " tag="400"><mx:subfield code="a">Silo, Arbronius</mx:subfield></mx:datafield><mx:datafield ind1="1" ind2=" " tag="400"><mx:subfield code="a">Silo. Abronius</mx:subfield></mx:datafield><mx:datafield ind1="1" ind2=" " tag="400"><mx:subfield code="a">Silo, Abronus</mx:subfield></mx:datafield><mx:datafield ind1="1" ind2=" " tag="400"><mx:subfield code="a">Silo, Aburnius</mx:subfield></mx:datafield><mx:datafield ind1="1" ind2=" " tag="400"><mx:subfield code="a">Silo, Apronius</mx:subfield></mx:datafield><mx:datafield ind1="1" ind2=" " tag="400"><mx:subfield code="a">Silo, Artorius</mx:subfield></mx:datafield><mx:datafield ind1=" " ind2=" " tag="670"><mx:subfield code="a">His Carmen [CF] 1991:</mx:subfield><mx:subfield code="b">PHI CD ROM #5.3, Latin Canon, bibliographic screen (Arbonius Silo)</mx:subfield></mx:datafield><mx:datafield ind1=" " ind2=" " tag="670"><mx:subfield code="a">Fragmenta poetarum latinorum epicorum et lyricorum praeter Ennium et Lucilium, 1927 (reprinted 1975):</mx:subfield><mx:subfield code="b">p. 120 (Arbronius Silo)</mx:subfield></mx:datafield><mx:datafield ind1=" " ind2=" " tag="670"><mx:subfield code="a">Fragmenta poetarum latinorum epicorum et lyricorum praeter Ennium et Lucilium, 2nd ed., 1982:</mx:subfield><mx:subfield code="b">p. 153 (Arbronius (Arbonius?) Silo)</mx:subfield></mx:datafield><mx:datafield ind1=" " ind2=" " tag="670"><mx:subfield code="a">Pauly-Wissowa:</mx:subfield><mx:subfield code="b">1. Halbbd., col. 115 (Abronius (Aburnius, Abronus, Arbronius, Apronius, Artorius) Silo; student of the rhetorician Porcius Latro, author of a poem)</mx:subfield></mx:datafield><mx:datafield ind1=" " ind2=" " tag="670"><mx:subfield code="a">IBN, Index bio-bibliographicus notorum hominum:</mx:subfield><mx:subfield code="b">par: C, p. 329 (citing Pauly) (Abronius Silo; aut Abronus Silo, aut Aburnius Silo, aut Arbronius Silo, aut Apronius Silo, aut Artorius Silo, aut Silo)</mx:subfield></mx:datafield><mx:datafield ind1=" " ind2=" " tag="670"><mx:subfield code="a">The Fragmentary Latin poets, 1993:</mx:subfield><mx:subfield code="b">p. 331 (Arbornius (?) Silo; this man&amp;#039;s name is uncertain, but on the whole this form seems the best attested)</mx:subfield></mx:datafield><mx:datafield ind1=" " ind2=" " tag="675"><mx:subfield code="a">Oxford class. dict.;</mx:subfield><mx:subfield code="a">NUC pre-56.</mx:subfield></mx:datafield><mx:datafield ind1=" " ind2=" " tag="999"><mx:subfield code="a">1</mx:subfield></mx:datafield></mx:record>